<?xml version="1.0" encoding="UTF-8"?><collection xmlns="http://www.loc.gov/MARC21/slim"><record><leader>00387nam--2200133-i-4500</leader><controlfield tag="001">000037793</controlfield><controlfield tag="002">20161230</controlfield><controlfield tag="005">20161230201041</controlfield><controlfield tag="008">060222s1000------------r-----000-0-eng-d</controlfield><datafield ind1=" " ind2=" " tag="100"><subfield code="a">Rambosson, Mireille</subfield></datafield><datafield ind1=" " ind2=" " tag="245"><subfield code="a">Comparasion des procedes de detection de l`orientation atomique du sodium</subfield></datafield><datafield ind1=" " ind2=" " tag="260"><subfield code="a">Paris, La Faculte Des Sciences, 1958, 26p.Fotocop</subfield></datafield><datafield ind1=" " ind2=" " tag="490"><subfield code="a">Memoire</subfield></datafield><datafield ind1=" " ind2=" " tag="852"><subfield code="a">20206</subfield></datafield></record></collection>